2334 4067
222 331 225 345 .
315 328 319 334 .
352 325 355 331 .
438 325 444 336 -
552 276 608 349 (1²
836 321 838 325 -
881 344 883 346 .
921 318 924 324 -

129 421 203 477 Eeb,
218 355 288 457 iusti
303 357 421 461 Iudicis
438 278 707 459 indignatioirem.
723 355 969 452 confidimus&

95 491 162 564 ⁶·9·
203 458 330 550 eolis,
354 459 553 557 Dilmiffimi
571 466 587 554 ',
612 463 739 534 meliora
762 454 971 532 &viciniora

212 563 347 660 saluti:
376 563 443 632 hoc
468 585 568 630 unum
592 584 719 633 oramus
740 559 855 632 Deum
879 558 971 654 opti·

222 670 313 736 mum
331 661 506 731 maximnm
518 712 530 750 ,
542 677 578 730 ut
593 658 685 756 quod
701 661 803 756 coepit
816 661 850 730 in
872 657 971 728 vobis

224 755 307 859 opus
321 760 469 850 bonurn,
486 759 550 855 ipse
571 759 712 857 perficiat
729 758 765 832 bc
786 756 973 830 confirmet.

276 856 355 952 Qua
386 857 440 955 spe
466 855 576 930 conlib
593 857 765 950 ,nostrum
786 855 870 928 istud
895 853 973 943 Bre-

226 959 386 1047 riarium,
409 957 455 1054 ad·
482 959 573 1029 usum
603 955 754 1030 Ecclefiae
777 954 894 1028 nostrae
919 954 975 1024 Pia

228 1055 394 1131 blaviensis
409 1059 699 1148 concinnatum,
738 1055 782 1128 de
817 1048 975 1127 consensu

227 1157 427 1230 Venerabilis
439 1156 587 1248 ejusdem
604 1154 755 1229 Eccleliae
771 1153 888 1226 nostrae
911 1150 978 1225 Ca-

227 1255 347 1354 pituli,
370 1255 640 1354 promulgandum
663 1255 878 1328 decrevimus.

282 1355 475 1427 Mandemus
497 1358 604 1452 itaque
625 1354 881 1451 &praecipimus
907 1373 978 1423 orn·

231 1453 325 1525 nibus
350 1453 386 1527 ὅ(
406 1453 532 1552 fingulis
554 1453 671 1526 nollrae
694 1449 857 1526 Dioecesrs
878 1450 979 1546 Capi·

232 1554 323 1643 lulis,
336 1553 492 1652 Collegiis
506 1603 519 1639 ,
538 1551 741 1649 Monasteriis
752 1606 765 1643 ,
778 1550 980 1639 Ordinibus,
994 1615 999 1621 .

122 1652 126 1660 Α
234 1651 272 1725 bc
287 1652 540 1751 quibuscumque
554 1653 690 1726 Clericis
704 1652 745 1725 ad
757 1652 981 1722 recitationem
1019 1715 1021 1717 .

232 1746 395 1824 Horarum
432 1752 673 1824 canonicarum
698 1750 764 1824 five
790 1749 920 1845 publice
946 1745 983 1819 fi·

232 1875 276 1922 ve
312 1851 458 1946 privatim
482 1843 679 1941 afflindis,
710 1869 745 1921 ut
773 1848 841 1920 hoc
868 1845 983 1920 nostro

234 1946 361 2020 utantur
377 1951 410 2018 in
427 1947 589 2046 posterum
611 1950 796 2021 Breviario:
823 1946 985 2020 Prohibe·

234 2047 367 2142 mirique
388 2043 438 2119 'ne
464 2047 551 2120 aliud
573 2048 739 2145 quodvis,
765 2043 831 2120 live
854 2045 1004 2144 publicd·

235 2146 273 2219 in
293 2146 432 2235 Choro,
447 2145 512 2221 five
529 2148 676 2244 privatim
692 2167 778 2220 extra
805 2147 985 2237 Chorum,

111 2273 123 2298 ·
155 2259 156 2264 ’
236 2243 304 2320 sine
323 2248 474 2344 peculiari
492 2247 511 2319 ὲ
531 2247 639 2320 Nobis
652 2244 802 2320 concelsa
812 2247 985 2336 facultate,

238 2348 371 2420 recitare
394 2346 613 2441 praelbmant,
635 2345 708 2442 post
738 2345 826 2418 diem
862 2343 989 2418 duode-

242 2449 359 2518 cimam
383 2443 498 2539 rnensrs
518 2445 698 2538 Februarii,
712 2443 747 2517 id
761 2443 825 2536 est,
841 2445 990 2541 ponne·

240 2544 320 2615 riam
350 2563 492 2643 quartam
520 2544 678 2617 Cinerum
707 2547 783 2616 anni
808 2546 945 2641 proximi
959 2571 990 2630 „-

241 2642 482 2734 Declarantes,
510 2665 611 2716 omne
640 2644 725 2716 aliud
751 2645 948 2717 Breviorium
975 2694 990 2734 ,

202 2833 205 2839 Δ
244 2741 350 2838 elapso
372 2763 520 2837 ternpore
551 2743 739 2840 praedillo,
761 2745 833 2817 lore
853 2741 991 2822 interdis

125 2879 130 2888 ·
246 2840 357 2932 dum,
374 2843 571 2938 prohibitum
599 2844 637 2917 bc
651 2845 806 2919 illicitum.
937 2834 941 2843 ’

136 2953 240 3010 -2.c0r.
298 2943 341 3017 Et
363 2945 518 3037 quoniam
549 2945 583 3013 in
614 2946 757 3014 cordibus
787 2942 896 3044 nostris
924 2941 993 3043 estis

124 3039 153 3098 ⁷·
163 3040 190 3096 3·
248 3043 294 3110 ad
325 3045 583 3112 commoriendum
614 3045 720 3131 &pud
745 3046 994 3134 convivendum,

161 3170 242 3228 Rom,
251 3142 368 3237 obsecro
394 3167 471 3232 vos,
496 3146 622 3214 Fratres
637 3197 648 3234 ,
658 3137 718 3238 per
742 3145 922 3214 Dominum
939 3167 996 3212 no·

130 3259 174 3315 15·
187 3259 232 3316 30·
241 3242 345 3344 strum
378 3243 485 3332 Iesum
514 3243 686 3345 Christum,
712 3245 742 3314 δ’
756 3270 815 3337 per
835 3245 996 3313 caritatem

242 3340 347 3437 satelli
363 3341 503 3435 Spirinls
516 3395 527 3433 ,
540 3364 577 3414 ut
594 3344 812 3436 acis'uvetisme
830 3345 866 3416 in
883 3345 998 3423 orario

252 3441 346 3512 nilus
361 3441 469 3543 vestris
477 3467 541 3538 pm
558 3467 605 3515 mc
620 3446 667 3514 ad
680 3446 803 3520 Deum.
983 3434 985 3440 ⁸
